<record><leader>00000cas a2200000 a 4500</leader><controlfield tag="001">12956464</controlfield><controlfield tag="008">851227d190119uuazuwr ne      0    0eng d</controlfield><datafield ind1=" " ind2=" " tag="010"><subfield code="a">sn 85032941 </subfield></datafield><datafield ind1=" " ind2=" " tag="040"><subfield code="a">KSH</subfield><subfield code="b">eng</subfield><subfield code="c">KSH</subfield><subfield code="d">NPT</subfield><subfield code="d">ANN</subfield><subfield code="d">OCLCQ</subfield><subfield code="d">OCLCF</subfield><subfield code="d">OCLCO</subfield></datafield><datafield ind1=" " ind2=" " tag="042"><subfield code="a">msc</subfield></datafield><datafield ind1=" " ind2=" " tag="043"><subfield code="a">n-us-az</subfield></datafield><datafield ind1="0" ind2=" " tag="130"><subfield code="a">Weekly free press (Mesa, Ariz.)</subfield></datafield><datafield ind1="1" ind2="0" tag="245"><subfield code="a">Weekly free press.</subfield></datafield><datafield ind1=" " ind2=" " tag="260"><subfield code="a">Mesa, Ariz. :</subfield><subfield code="b">F.T. Pomeroy [and] H.D. Haines</subfield></datafield><datafield ind1=" " ind2=" " tag="300"><subfield code="a">v ;</subfield><subfield code="c">51 cm.</subfield></datafield><datafield ind1=" " ind2=" " tag="310"><subfield code="a">Weekly</subfield></datafield><datafield ind1="1" ind2=" " tag="362"><subfield code="a">Began in 1901.</subfield></datafield><datafield ind1=" " ind2=" " tag="588"><subfield code="a">Description based on: Vol. 9, no. 29 (Apr. 12, 1901).</subfield></datafield><datafield ind1=" " ind2="0" tag="651"><subfield code="a">Mesa (Ariz.)</subfield><subfield code="v">Newspapers.</subfield></datafield><datafield ind1=" " ind2="0" tag="651"><subfield code="a">Maricopa County (Ariz.)</subfield><subfield code="v">Newspapers.</subfield></datafield><datafield ind1=" " ind2="7" tag="655"><subfield code="a">Newspapers.</subfield><subfield code="2">fast</subfield><subfield code="0">(OCoLC)fst01423814</subfield></datafield><datafield ind1=" " ind2="7" tag="651"><subfield code="a">Arizona</subfield><subfield code="z">Maricopa County.</subfield><subfield code="2">fast</subfield><subfield code="0">(OCoLC)fst01217111</subfield></datafield><datafield ind1=" " ind2="7" tag="651"><subfield code="a">Arizona</subfield><subfield code="z">Mesa.</subfield><subfield code="2">fast</subfield><subfield code="0">(OCoLC)fst01216951</subfield></datafield><datafield ind1=" " ind2=" " tag="752"><subfield code="a">United States</subfield><subfield code="b">Arizona</subfield><subfield code="c">Maricopa</subfield><subfield code="d">Mesa.</subfield></datafield><datafield ind1="0" ind2=" " tag="775"><subfield code="t">Evening free press (Mesa, Ariz.)</subfield><subfield code="w">(DLC)sn 95060637</subfield></datafield><datafield ind1="0" ind2=" " tag="775"><subfield code="t">Mesa evening free press</subfield><subfield code="w">(DLC)sn 85032942</subfield></datafield><datafield ind1="0" ind2="0" tag="780"><subfield code="t">Mesa free press (Mesa, Ariz. : 1892)</subfield><subfield code="w">(DLC)sn 95060636</subfield></datafield></record>